@Article{6tischDef,
author = {X. Vilajosana and T. Watteyne and T. Chang and M. Vu{\vc}ini{\'c} and S. Duquennoy and P. Thubert},
title = {IETF 6TiSCH: A Tutorial"},
journal = {IEEE Communications Surveys \& Tutorials},
year = {2020},
}
@online{contiki-NGWiki,
author = {Adam Dunkels},
title = {Contiki-NG wiki},
year = {2020},
url = {https://github.com/contiki-ng/contiki-ng/wiki}
}
@INPROCEEDINGS{TimeCritical6tisch,
  author={A. {Karaagac} and J. {Haxhibeqiri} and I. {Moerman} and J. {Hoebeke}},
  booktitle={2018 IEEE Wireless Communications and Networking Conference Workshops (WCNCW)}, 
  title={Time-critical communication in 6TiSCH networks}, 
  year={2018},
  volume={},
  number={},
  pages={161-166},
  doi={10.1109/WCNCW.2018.8368987}
}
@INPROCEEDINGS{JoinProcess,
  author={D. {De Guglielmo} and A. {Seghetti} and G. {Anastasi} and M. {Conti}},
  booktitle={2014 IEEE Symposium on Computers and Communications (ISCC)}, 
  title={A performance analysis of the network formation process in IEEE 802.15.4e TSCH wireless sensor/actuator networks}, 
  year={2014},
  volume={},
  number={},
  pages={1-6},
  doi={10.1109/ISCC.2014.6912607}
}
@InProceedings{EnergyConsumption,
author="Sabovic, Adnan
and Delgado, Carmen
and Bauwens, Jan
and De Poorter, Eli
and Famaey, Jeroen",
editor="Barolli, Leonard
and Hellinckx, Peter
and Enokido, Tomoya",
title="Accurate Online Energy Consumption Estimation of IoT Devices Using Energest",
booktitle="Advances on Broad-Band Wireless Computing, Communication and Applications",
year="2020",
publisher="Springer International Publishing",
address="Cham",
pages="363--373",
isbn="978-3-030-33506-9"
}
@InProceedings{ThroughputEvaluation,
author={Lee, Sol-Bee and Kim, Eui-Jik and Lim, Yongseok},
title={Contiki-NG-based IEEE 802.15. 4 TSCH Throughput Evaluation},
year={2018},
pages={577-578}
}
@Article{AccurateEnergyTSCH,
AUTHOR = {Daneels, Glenn and Municio, Esteban and Van de Velde, Bruno and Ergeerts, Glenn and Weyn, Maarten and Latré, Steven and Famaey, Jeroen},
TITLE = {Accurate Energy Consumption Modeling of IEEE 802.15.4e TSCH Using Dual-Band OpenMote Hardware},
JOURNAL = {Sensors},
VOLUME = {18},
YEAR = {2018},
NUMBER = {2},
ARTICLE-NUMBER = {437},
URL = {https://www.mdpi.com/1424-8220/18/2/437},
ISSN = {1424-8220},
DOI = {10.3390/s18020437}
}
@article{TSCHExperimentEval,
author = {García Algora, Carlos and Alfonso Reguera, Vitalio},
year = {2018},
month = {08},
pages = {70-78},
title = {Experimental evaluation of IEEE 802.15.4 TSCH on a 6TiSCH network},
volume = {39}
}
@INPROCEEDINGS{TSCHDefinition,
  author={A. {Mavromatis} and G. Z. {Papadopoulos} and X. {Fafoutis} and A. {Elsts} and G. {Oikonomou} and T. {Tryfonas}},
  booktitle={2016 13th Annual IEEE International Conference on Sensing, Communication, and Networking (SECON)}, 
  title={Impact of Guard Time Length on IEEE 802.15.4e TSCH Energy Consumption}, 
  year={2016},
  volume={},
  number={},
  pages={1-3},
  doi={10.1109/SAHCN.2016.7732997}
}
